<record><leader>00000cas a22000007a 4500</leader><controlfield tag="001">23260112</controlfield><controlfield tag="008">910318d19781980nyuer ne      0    0eng d</controlfield><datafield ind1=" " ind2=" " tag="010"><subfield code="a">sn 91066205 </subfield></datafield><datafield ind1=" " ind2=" " tag="040"><subfield code="a">NYS</subfield><subfield code="b">eng</subfield><subfield code="c">NYS</subfield><subfield code="d">OCLCQ</subfield></datafield><datafield ind1=" " ind2=" " tag="042"><subfield code="a">msc</subfield></datafield><datafield ind1="0" ind2=" " tag="130"><subfield code="a">Candor register (Candor, N.Y. : Spencer-Van Etten ed.)</subfield></datafield><datafield ind1="1" ind2="4" tag="245"><subfield code="a">The Candor register.</subfield></datafield><datafield ind1=" " ind2=" " tag="250"><subfield code="a">Spencer-Van Etten ed.</subfield></datafield><datafield ind1=" " ind2=" " tag="260"><subfield code="a">Candor, N.Y. :</subfield><subfield code="b">[Margaret A. Parmarter]</subfield></datafield><datafield ind1=" " ind2=" " tag="300"><subfield code="a">v. ;</subfield><subfield code="c">44 cm.</subfield></datafield><datafield ind1=" " ind2=" " tag="310"><subfield code="a">Biweekly</subfield></datafield><datafield ind1="1" ind2=" " tag="362"><subfield code="a">Ceased in 1980?</subfield></datafield><datafield ind1=" " ind2=" " tag="580"><subfield code="a">Candor ed.: Candor register (Candor, N.Y.).</subfield></datafield><datafield ind1=" " ind2=" " tag="588"><subfield code="a">Description based on: Vol. 2, no. 7 (Mar. 30, 1979).</subfield></datafield><datafield ind1=" " ind2="4" tag="651"><subfield code="a">Candor (N.Y.)</subfield><subfield code="v">Newspapers.</subfield></datafield><datafield ind1=" " ind2="4" tag="651"><subfield code="a">Spencer (N.Y.)</subfield><subfield code="v">Newspapers.</subfield></datafield><datafield ind1=" " ind2=" " tag="752"><subfield code="a">United States</subfield><subfield code="b">New York</subfield><subfield code="c">Tioga</subfield><subfield code="d">Candor.</subfield></datafield><datafield ind1=" " ind2=" " tag="752"><subfield code="a">United States</subfield><subfield code="b">New York</subfield><subfield code="c">Tioga</subfield><subfield code="d">Spencer.</subfield></datafield><datafield ind1="1" ind2=" " tag="775"><subfield code="t">Candor register (Candor, N.Y.)</subfield><subfield code="w">(DLC)sn 91066371</subfield></datafield><datafield ind1="1" ind2=" " tag="029"><subfield code="a">AU@</subfield><subfield code="b">000025905365</subfield></datafield></record>